@Manual{rlang,
    title = {R: A Language and Environment for Statistical Computing},
    author = {{R Development Core Team}},
    organization = {R Foundation for Statistical Computing},
    address = {Vienna, Austria},
    year = {2008},
    note = {{ISBN} 3-900051-07-0},
    url = {http://www.R-project.org},
}
@Book{sad,
  title = {Statistica e analisi dei dati (prima parte e seconda parte)},
  author = {Amelia Giuseppina Nobile},
  address = {Dipartimento di Informatica, Universit√† degli Studi di Salerno},
  year = {2018},
}

